<record><leader>01516cam a2200445 a 4500</leader><controlfield tag="001">6803009</controlfield><controlfield tag="003">OCoLC</controlfield><controlfield tag="005">20150128104428.0</controlfield><controlfield tag="008">141028t20152015moua     b    001 0 eng d</controlfield><datafield ind1=" " ind2=" " tag="015"><subfield code="a">GBB4C2497</subfield><subfield code="2">bnb</subfield></datafield><datafield ind1="7" ind2=" " tag="016"><subfield code="a">016931368</subfield><subfield code="2">Uk</subfield></datafield><datafield ind1=" " ind2=" " tag="020"><subfield code="a">9780323186964 (pbk.)</subfield></datafield><datafield ind1=" " ind2=" " tag="020"><subfield code="a">0323186963 (pbk.)</subfield></datafield><datafield ind1=" " ind2=" " tag="035"><subfield code="a">ocn894609325</subfield></datafield><datafield ind1=" " ind2=" " tag="040"><subfield code="a">UKMGB</subfield><subfield code="b">eng</subfield><subfield code="c">UKMGB</subfield><subfield code="d">OCLCO</subfield><subfield code="d">INTCL</subfield><subfield code="d">YDXCP</subfield><subfield code="d">OHS</subfield><subfield code="d">UAB</subfield><subfield code="d">AEU</subfield></datafield><datafield ind1=" " ind2="4" tag="050"><subfield code="a">RK521</subfield><subfield code="b">.M5954 2015</subfield></datafield><datafield ind1=" " ind2="4" tag="060"><subfield code="a">WU 400</subfield></datafield><datafield ind1="0" ind2="4" tag="082"><subfield code="a">617.6/43</subfield><subfield code="2">23</subfield></datafield><datafield ind1=" " ind2=" " tag="090"><subfield code="a">RK 521 M67 2015</subfield><subfield code="b">AEU</subfield></datafield><datafield ind1="1" ind2=" " tag="100"><subfield code="a">English, Jeryl D.,</subfield><subfield code="e">author.</subfield></datafield><datafield ind1="1" ind2="0" tag="245"><subfield code="a">Mosby's orthodontic review /</subfield><subfield code="c">Jeryl D. English, Sercan Akyalcin, Timo Peltom&#228;ki, Kate Litschel.</subfield></datafield><datafield ind1="3" ind2="0" tag="246"><subfield code="a">Orthodontic review</subfield></datafield><datafield ind1=" " ind2=" " tag="250"><subfield code="a">Second edition.</subfield></datafield><datafield ind1=" " ind2="1" tag="264"><subfield code="a">St. Louis :</subfield><subfield code="b">Elsevier Mosby,</subfield><subfield code="c">2015.</subfield></datafield><datafield ind1=" " ind2="4" tag="264"><subfield code="c">&#169;2015</subfield></datafield><datafield ind1=" " ind2=" " tag="300"><subfield code="a">xi, 355 p. :</subfield><subfield code="b">ill. (some col.) ;</subfield><subfield code="c">28 cm.</subfield></datafield><datafield ind1=" " ind2=" " tag="336"><subfield code="a">text</subfield><subfield code="2">rdacontent</subfield></datafield><datafield ind1=" " ind2=" " tag="336"><subfield code="a">still image</subfield><subfield code="2">rdacontent</subfield></datafield><datafield ind1=" " ind2=" " tag="337"><subfield code="a">unmediated</subfield><subfield code="2">rdamedia</subfield></datafield><datafield ind1=" " ind2=" " tag="338"><subfield code="a">volume</subfield><subfield code="2">rdacarrier</subfield></datafield><datafield ind1=" " ind2=" " tag="500"><subfield code="a">Previous edition: 2009.</subfield></datafield><datafield ind1=" " ind2=" " tag="504"><subfield code="a">Includes bibliographical references and index.</subfield></datafield><datafield ind1=" " ind2=" " tag="596"><subfield code="a">42</subfield></datafield><datafield ind1="1" ind2="2" tag="650"><subfield code="a">Orthodontics</subfield><subfield code="x">methods.</subfield></datafield><datafield ind1=" " ind2="0" tag="650"><subfield code="a">Orthodontics.</subfield></datafield><datafield ind1="1" ind2=" " tag="700"><subfield code="a">Peltom&#228;ki, Timo,</subfield><subfield code="e">author.</subfield></datafield><datafield ind1="1" ind2=" " tag="700"><subfield code="a">Pham-Litschel, Kate,</subfield><subfield code="e">author.</subfield></datafield><datafield ind1="1" ind2=" " tag="700"><subfield code="a">Akyalcin, Sercan,</subfield><subfield code="e">author.</subfield></datafield><datafield ind1=" " ind2=" " tag="949"><subfield code="a">RK 521 M67 2015</subfield><subfield code="c">1</subfield><subfield code="h">UAHL-B</subfield><subfield code="i">0162035239456</subfield></datafield><datafield ind1=" " ind2=" " tag="926"><subfield code="a">RK 521 M67 2015</subfield><subfield code="w">LC</subfield><subfield code="c">1</subfield><subfield code="i">0162035239456</subfield><subfield code="d">12/16/2016</subfield><subfield code="e">12/4/2016</subfield><subfield code="l">ON_SHELF</subfield><subfield code="m">UAHLTHSC</subfield><subfield code="n">16</subfield><subfield code="p">$150.00</subfield><subfield code="r">Y</subfield><subfield code="s">Y</subfield><subfield code="t">BOOK</subfield><subfield code="u">2/11/2015</subfield></datafield></record>